<?xml version="1.0" encoding="UTF-8"?><collection xmlns="http://www.loc.gov/MARC21/slim"><record><leader>00430nam--2200157-i-4500</leader><controlfield tag="001">000013495</controlfield><controlfield tag="002">20161230</controlfield><controlfield tag="005">20170206202740</controlfield><controlfield tag="008">060222s1000------------r-----000-0-eng-d</controlfield><datafield ind1=" " ind2=" " tag="100"><subfield code="a">Brandl, Josef</subfield></datafield><datafield ind1=" " ind2=" " tag="245"><subfield code="a">Bestimmungen uber die berforderung radioaktive r stoffe</subfield></datafield><datafield ind1=" " ind2=" " tag="260"><subfield code="a">Verlag Tuv Rheinland</subfield><subfield code="c">1981</subfield></datafield><datafield ind1=" " ind2=" " tag="300"><subfield code="a">/Dif.Pag.</subfield></datafield><datafield ind1=" " ind2=" " tag="700"><subfield code="a">Blechschmidt, Manfred</subfield></datafield><datafield ind1=" " ind2=" " tag="852"><subfield code="a">621.039:53.002.71</subfield></datafield><datafield ind1=" " ind2=" " tag="CAT"><subfield code="a">SYS</subfield><subfield code="c">20170206</subfield><subfield code="h">202740</subfield></datafield></record></collection>